%% This BibTeX bibliography file was created using BibDesk.
%% http://bibdesk.sourceforge.net/


%% Created for gaultney at 2011-09-16 10:57:24 -0400 


%% Saved with string encoding Unicode (UTF-8) 

%%THIS IS THE ONE TO MODIFY 

%\begin{thebibliography}

@article{geant4,
author={S. Agostinelli and J. Allison and K. Amako and J. Apostolakis and H. Araujo and P. Arce and M. Asai and D. Axen and S. Banerjee and G. Barrand and F. Behner and L. Bellagamba and J. Boudreau},
title = "{Geant 4 - A Simulation Toolkit}",
journal = "{Nucl. Instrum. Meth. Phys. Res. A}",
volume = "506",
number = "3",
pages = "250 - 303",
year = "2003",
issn = "0168-9002",
doi = "10.1016/S0168-9002(03)01368-8"
}

@article{Valassi:2003mu,
title = "{Combining Correlated Measurements of Several Different Physical Quantities}",
journal = "{Nucl. Instrum. Meth. Phys. Res. A}",
volume = "500",
number = "1-3",
pages = "391 - 405",
year = "2003",
issn = "0168-9002",
doi = "10.1016/S0168-9002(03)00329-2",
author = "Andrea Valassi"
}

@article{Lyons:1998,
title = "{How to Combine Correlated Estimates of a Single Physical Quantity}",
journal = "{Nucl. Instrum. Meth. Phys. Res. A}",
volume = "270",
number = "1",
pages = "110 - 117",
year = "1988",
note = "",
issn = "0168-9002",
doi = "10.1016/0168-9002(88)90018-6",
author = "Louis Lyons and Duncan Gibaut and Peter Clifford"
}	

@article{CMS:detector,
  author = {{ CMS Collaboration}},
  title={{The CMS experiment at the CERN LHC}},
  journal={{JINST}},
  volume={3},
  number={08},
  pages={S08004},
  doi={doi:10.1088/1748-0221/3/08/S08004},
  year={2008}
}

@article{CMS:SMP-12-230,
	author={{ CMS Collaboration}},
	title={{  Theoretical Issues of the  $Z_{0}/\gamma$ + jet Angular Distribution }},
	journal={ CMS-SMP-12-230 },
        url={http://cdsweb.cern.ch/record/xxxxxxx},
	year= {2012}
}

@article{CMS:muo,
	author={{ CMS Collaboration}},
	title={{Performance of Muon Identification in pp Collisions at $\sqrt{s}$ = 7 TeV }},
	journal={ CMS-PAS-MUO-10-002 },
        url={http://cdsweb.cern.ch/record/1279140},
	year= {2010}
}


@article{CMS:ele,
	author={{ CMS Collaboration}},
	title={{Electron Reconstruction and Identification at $\sqrt{s}$ = 7 TeV}},
	journal={ CMS-PAS-EGM-10-004 },
        url={http://cdsweb.cern.ch/record/1299116?ln=en},
	year= {2010}
}
@article{CMS:trigger,
	author ={ { CMS Collaboration}},
	journal = { CERN-LHCC-2002-026},
	title =  {{CMS trigger and data-acquisition project : Technical Design Report}} ,
        url={http://cdsweb.cern.ch/record/578006},
	year = {2002}
}
@article{CMS:2010kk,
	author = {{ CMS Collaboration}},
	title  = {{Particle-Flow Event Reconstruction in CMS and Performance for Jets and MET }},
       journal = {CMS-PAS-PFT-09-001} ,
       url     = {http://cdsweb.cern.ch/record/1194487},
       year         =  {2009}
}
@article{antikt,
author={Matteo Cacciari and Gavin P. Salam and Gregory Soyez},
  title={{The Anti-k$_{T}$ Jet Clustering Algorithm}},
  journal={{JHEP}},
  volume={2008},
  number={04},
  pages={063},
  doi={10.1088/1126-6708/2008/04/063},
  year={2008}
}     
 @article{CMS:2011jes,
  author={ {CMS Collaboration} },
  title={{Determination of Jet Energy Calibration and Transverse Momentum Resolution in CMS}},
  journal={{JINST}},
  volume={6},
  number={11},
  pages={P11002},
  doi={doi:10.1088/1748-0221/6/11/P11002},
  year={2011}
}	
@article{CMS:2009kx,
	author = {{ CMS Collaboration}},
	title = {{ Performance of the {CMS} {L}evel-1 {T}rigger {d}uring {C}ommissioning with {C}osmic {R}ay {M}uons }},
	journal = {CMS Internal Note},
	number={ CMS-PAS-PFT-XX-YYY },
	year = {1969}
}
@article{CMS:2010abcd,
	author =  {{CMS Collaboration}} ,
	title = {{ Measurements of the Inclusive W and Z Production Cross Sections in pp Collisions at $\sqrt{s}$ = 7 TeV }},
	journal={ CMS-PAS-EWK-10-005},
        url={http://cdsweb.cern.ch/record/1337017},
	year = {2010}
}

@article{CMS_paper_WZ,
     author    = "Khachatryan, Vardan and others",
     collaboration = "CMS",
     title     = "{Measurements of Inclusive W and Z Cross Sections in pp
                  Collisions at $\sqrt{s}=7$ TeV}",
     journal   = "JHEP",
     volume    = "01",
     year      = "2011",
     pages     = "080",
     eprint    = "1012.2466",
     archivePrefix = "arXiv",
     primaryClass  =  "hep-ex",
     doi           = "10.1007/JHEP01(2011)080",
}
@article{CMS:2011dp,
author ={{ CMS Collaboration}},
title = {{Measurement of the Isolated Prompt Photon Production Cross Section in $pp$ Collisions at $\sqrt{s}$=7 TeV}},
journal = {Phys. Rev. Lett.},
  volume = {106},
  issue = {8},
  pages = {082001},
  numpages = {15},
  year = {2011},
  month = {Feb},
  doi = {10.1103/PhysRevLett.106.082001},
  publisher = {American Physical Society}
}

@article{CDF:1993,
	Author = { {CDF Collaboration} },
	Title = {{ Center-of-{M}ass {A}ngular {D}istribution of {P}rompt {P}hotons {P}roduced in $p\bar{p}$ {C}ollisions at $\sqrt{s} $ =1.8 TeV }},
	Journal = {Phys. Rev. Lett. 71 679-683},
	Year = {1993}
}
	

 @article{Dzero:2010a,
author={ {D\O\ Collaboration} },
title = "{Measurement of $Z/\gamma$+Jet+$X$ Angular Distributions in $p\bar{p}$ Collisions at$\sqrt{s}$ = 1.96 TeV}",
journal = "Phys. Lett.",
volume = "B682",
number = "4-5",
pages = "370-380",
year = "2010",
issn = "0370-2693",
doi = "10.1016/j.physletb.2009.11.012",
url = "http://www.sciencedirect.com/science/article/pii/S0370269309013458"
}
@article{Dzero:2009a,
	author ={{ D\O\ Collaboration}},
	title={{ Measurement of differential cross sections of z/gam+jets +X events in ppbar collisions at $\sqrt{s}$=1.96 TeV }},
	journal = { Phys. Lett. B678 45  },
 	year         = {2009}
}
@article{z3jets,
author ={{ C. F. Berger et al }},
title ={{ Next-to-Leading Order QCD Predictions for W+3-Jet Distributions at Hadron Colliders }},
journal= {Phys. Rev. D80 074036}, 
year={2009} 
}

@article{z4jets,
author={{H. Ita, Z. Bern, L. Dixon et al.}}, 
title={{ Precise Predictions for Z + 4 Jets at Hadron Colliders}},
journal={Phys. Rev.},
volume={D85},
pages={031501},
doi={10.1103/PhysRevD.85.031501},
year={2012}
}


@article{jetphox,
  title = {{Photon-Jet Correlations and Constraints on Fragmentation Functions}},
  author = {Belghobsi, Z. and Fontannaz, M. and Guillet, J.-Ph. and Heinrich, G. and Pilon, E. and Werlen, M.},
  journal = {Phys. Rev.},
  volume = {D79},
  issue = {11},
  pages = {114024},
  numpages = {9},
  year = {2009},
  month = {Jun},
  doi = {10.1103/PhysRevD.79.114024},
  url = {http://link.aps.org/doi/10.1103/PhysRevD.79.114024},
  publisher = {American Physical Society}
}



@article{mcfm:2002,
title = {Next-to-{L}eading {O}rder {C}orrections to $W+2$ jet and $Z+2$ jet {P}roduction at {H}adron {C}olliders},
  author = {Campbell, John and Ellis, R. K.},
  journal = {Phys. Rev.},
  volume = {D65},
  issue = {11},
  pages = {113007},
  numpages = {8},
  year = {2002},
  month = {Jun},
  doi = {10.1103/PhysRevD.65.113007},
  url = {http://link.aps.org/doi/10.1103/PhysRevD.65.113007},
  publisher = {American Physical Society}
}

@article{mcfm:2003,
  author = {Campbell, John and Ellis, R. Keith and Rainwater, David L.},
  title = {{Next-to-{L}eading {O}rder {QCD} {P}redictions for $W+2$ jet and $Z+2$ jet {P}roduction at the {CERN} {LHC}}},
  biburl = {http://www.bibsonomy.org/bibtex/218eb687a326a3be81eb222ef452e6240/clange},
  doi = {10.1103/PhysRevD.68.094021},
  journal = {Phys. Rev.},
  pages = 094021,
  volume = {D68},
  year = 2003
}

@article{Cacciari:2008ug,
	author = {Matteo Cacciari and Gavin P. Salam and Gregory Soyez},
	journal = {{JHEP}},
	title = {{ The anti-$k_{T}$  clustering algorithm }},
	volume = {Issue 04},
	year = {2008}
	}


@phdthesis{SilberbergThesis,
	author =  {{Carolina Silberberg}} ,
	school = {Universitat Autonoma de Barcelona},
	title = {{ Measurement of the Inclusive Isolated Prompt Photon Production
	Cross Section at the Tevatron using the CDF Detector  }},
	year = {2009}
	}


@article{Sjostrand:2006kx,
Author = {Torbj\"orn Sj\"ostrand and Stephan Mrenna and Peter Skands},
title={{PYTHIA} 6.4 {P}hysics and {M}anual},
journal={{JHEP}},
volume = { 05},
year={2006},
pages = 026,
doi={10.1088/1126-6708/2006/05/026},
}


@article{PDF4LHC:2011,
      author         = "Alekhin, Sergey and Alioli, Simone and Ball, Richard D.
                        and Bertone, Valerio and Blumlein, Johannes and others",
      title          = "{The PDF4LHC Working Group Interim Report}",
      year           = "2011",
      eprint         = "1101.0536",
      archivePrefix  = "arXiv",
}

@article{CTEQ6,
	author = {J. Pumplin and D.R. Stump and J. Huston and H.L. Lai and P. Nadolsky and W.K. Tung},
	Title={{New Generation of Parton Distributions with Uncertainties from Global QCD Analysis}},
        journal={{JHEP}},
        number={207},
        doi={10.1088/1126-6708/2002/07/012},
	year={2002}
}
@article{CT10,
  title = {{New Parton Distributions for Collider Physics}},
  author = {Lai, Hung-Liang and Guzzi, Marco and Huston, Joey and Li, Zhao and Nadolsky, Pavel M. and Pumplin, Jon and Yuan, C.-P.},
  journal = {Phys. Rev.},
  volume = {D82},
  issue = {7},
  pages = {074024},
  numpages = {24},
  year = {2010},
  month = {Oct},
  doi = {10.1103/PhysRevD.82.074024},
  url = {http://link.aps.org/doi/10.1103/PhysRevD.82.074024},
  publisher = {American Physical Society}
}

@article{MSTW,
   author = {Martin, A. and Stirling, W. and Thorne, R. and Watt, G.},
   title = {{Parton Distributions for the LHC}},
   journal = {Eur. Phys. J. C},
   publisher = {Springer Berlin / Heidelberg},
   issn = {1434-6044},
   keyword = {Physics and Astronomy},
   pages = {189-285},
   volume = {63},
   issue = {2},
   doi={10.1140/epjc/s10052-009-1072-5},
   year = {2009}
}

@article{NNPDF21,
title = "{Impact of Heavy Quark Masses on Parton Distributions and LHC Phenomenology}",
journal = "Nucl. Phys. B",
volume = "849",
number = "2",
pages = "296 - 363",
year = "2011",
issn = "0550-3213",
doi = "10.1016/j.nuclphysb.2011.03.021",
author = "Richard D. Ball and Valerio Bertone and Francesco Cerutti and Luigi Del Debbio and Stefano Forte and Alberto Guffanti and Jos√© I. Latorre and Juan Rojo and Maria Ubiali"
}
 @article{MADGRAPH,
author = {Alwall, Johan and Herquet, Michel and Maltoni, Fabio and Mattelaer, Olivier and Stelzer, Tim},
   title = {{MadGraph 5:  Going Beyond}},
   journal = {{JHEP}},
   publisher = {Springer Berlin / Heidelberg},
   issn = {1029-8479},
   pages = {1-40},
   volume = {2011},
   issue = {6},
   doi={10.1007/JHEP06(2011)128},
   year = {2011}
}

@article{Alwall:2008,
author = {Alwall, J. and Hoeche, S. and Krauss, F. and Lavesson, N. and Lonnblad, L. and Maltoni, F. and Mangano, M.L. and Moretti, M. and Papadopoulos, C.G. and Piccinini, F. and Schumann, S. and Treccani, M. and Winter, J. and Worek, M.},
   title = {{Comparative Study of Various Algorithms for the Merging of Parton Showers and Matrix Elements in Hadronic Collisions}},
   journal = {Eur. Phys. J. C},
   publisher = {Springer Berlin / Heidelberg},
   issn = {1434-6044},
   keyword = {Physics and Astronomy},
   pages = {473-500},
   volume = {53},
   issue = {3},
   doi={ 10.1140/epjc/s10052-007-0490-5},
   year = {2008}

}
@article{SHERPA,
author={T. Gleisberg and S. Hoeche and F. Krauss and M. Schonherr and S. Schumann and F. Siegert and J. Winter},
  title={{Event Generation with SHERPA 1.1}},
  journal={{JHEP}},
  volume={2009},
  number={02},
  pages={007},
  doi={10.1088/1126-6708/2009/02/007},
  year={2009}
}
@article{ CKKW:2001,
author={Stefano Catani and Frank Krauss and Bryan R. Webber and Ralf Kuhn},
  title={{QCD Matrix Elements + Parton Showers}},
  journal={{JHEP}},
  volume={2001},
  number={11},
  pages={063},
  doi={10.1088/1126-6708/2001/11/063},
  year={2001}
}
@article{MLM:2006 ,
author={Michelangelo L. Mangano and Mauro Moretti and Fulvio Piccinini and Michele Treccani},
  title={{Matching Matrix Elements and Shower Evolution for Top-Pair Production in Hadronic Collisions}},
  journal={{JHEP}},
  volume={2007},
  number={01},
  pages={013},
  doi={10.1088/1126-6708/2007/01/013},
  year={2007},
}
@article{Owens:1987,
  title = {Large-{M}omentum-{T}ransfer {P}roduction of {D}irect {P}hotons, {J}ets, and {P}articles},
  author = {Owens, J. F.},
  journal = {Rev. Mod. Phys.},
  volume = {59},
  issue = {2},
  pages = {465--503},
  year = {1987},
  doi = {10.1103/RevModPhys.59.465},
  url = {http://link.aps.org/doi/10.1103/RevModPhys.59.465},
  publisher = {American Physical Society}
	}


@article{Chatrchyan:2011ue,
      author         = {{ CMS Collaboration}},
      title          = "{Measurement of the Differential Cross Section for
                        Isolated Prompt Photon Production in pp Collisions at 7
                        TeV}",
      journal        = "Phys. Rev.",
      volume         = "D84",
      pages          = "052011",
      doi            = "10.1103/PhysRevD.84.052011",
      year           = "2011",
      eprint         = "1108.2044",
      archivePrefix  = "arXiv",
      primaryClass   = "hep-ex",
      doi            = "10.1103/PhysRevD.84.052011",
                        CERN-PH-EP-2011-128"
}

@article{Dzero:MPI,
  title = {Double parton interactions in $\gamma$ + 3 jet events in $p\overline{p}$ collisions at $\sqrt{s}$=1.96 TeV},
  author = {Abazov, V. M. et al },
  collaboration = {The D0 Collaboration},
  journal = {Phys. Rev. D},
  volume = {81},
  issue = {5},
  pages = {052012},
  numpages = {15},
  year = {2010},
  month = {Mar},
  doi = {10.1103/PhysRevD.81.052012},
  url = {http://link.aps.org/doi/10.1103/PhysRevD.81.052012},
  publisher = {American Physical Society}
}
